<record><leader>00000cas a22000007a 4500</leader><controlfield tag="001">12300745</controlfield><controlfield tag="008">850724d18301832nyuwr ne      0    0eng d</controlfield><datafield ind1=" " ind2=" " tag="010"><subfield code="a">sn 85026622 </subfield></datafield><datafield ind1=" " ind2=" " tag="040"><subfield code="a">NPX</subfield><subfield code="b">eng</subfield><subfield code="c">NPX</subfield><subfield code="d">YOX</subfield><subfield code="d">NYS</subfield><subfield code="d">CNK</subfield><subfield code="d">NYS</subfield><subfield code="d">OCL</subfield><subfield code="d">OCLCQ</subfield><subfield code="d">OCLCF</subfield><subfield code="d">OCLCO</subfield></datafield><datafield ind1=" " ind2=" " tag="042"><subfield code="a">msc</subfield></datafield><datafield ind1=" " ind2=" " tag="043"><subfield code="a">n-us-ny</subfield></datafield><datafield ind1="0" ind2="0" tag="245"><subfield code="a">Republican farmers' free press.</subfield></datafield><datafield ind1=" " ind2=" " tag="260"><subfield code="a">Herkimer, N.Y. :</subfield><subfield code="b">H.S. Bartlett,</subfield><subfield code="c">1830-</subfield></datafield><datafield ind1=" " ind2=" " tag="300"><subfield code="a">v. ;</subfield><subfield code="c">51 cm.</subfield></datafield><datafield ind1=" " ind2=" " tag="310"><subfield code="a">Weekly</subfield></datafield><datafield ind1="0" ind2=" " tag="362"><subfield code="a">Vol. 1, no. 1 (Feb. 17, 1830)-</subfield></datafield><datafield ind1="1" ind2=" " tag="362"><subfield code="a">Ceased in 1832?</subfield><subfield code="z">Cf. Development of Little Falls.</subfield></datafield><datafield ind1=" " ind2=" " tag="500"><subfield code="a">Editor: B.B. Hotchkin, 1830-&lt;1832&gt;.</subfield></datafield><datafield ind1=" " ind2=" " tag="500"><subfield code="a">Publisher: D. Holt, 1830-&lt;1832&gt;.</subfield></datafield><datafield ind1=" " ind2=" " tag="500"><subfield code="a">"Anti-Masonic."</subfield></datafield><datafield ind1=" " ind2=" " tag="580"><subfield code="a">Continued by: Herkimer County Whig. Cf. French, J.H. Gazetteer of the state of N.Y., 1860.</subfield></datafield><datafield ind1=" " ind2=" " tag="588"><subfield code="a">Latest issue consulted: Vol. 2, no. 102 (May 16, 1832).</subfield></datafield><datafield ind1=" " ind2="0" tag="651"><subfield code="a">Herkimer (N.Y.)</subfield><subfield code="v">Newspapers.</subfield></datafield><datafield ind1=" " ind2="0" tag="651"><subfield code="a">Herkimer County (N.Y.)</subfield><subfield code="v">Newspapers.</subfield></datafield><datafield ind1=" " ind2="7" tag="655"><subfield code="a">Newspapers.</subfield><subfield code="2">fast</subfield><subfield code="0">(OCoLC)fst01423814</subfield></datafield><datafield ind1=" " ind2="7" tag="651"><subfield code="a">New York (State)</subfield><subfield code="z">Herkimer.</subfield><subfield code="2">fast</subfield><subfield code="0">(OCoLC)fst01213041</subfield></datafield><datafield ind1=" " ind2="7" tag="651"><subfield code="a">New York (State)</subfield><subfield code="z">Herkimer County.</subfield><subfield code="2">fast</subfield><subfield code="0">(OCoLC)fst01223285</subfield></datafield><datafield ind1=" " ind2=" " tag="752"><subfield code="a">United States</subfield><subfield code="b">New York</subfield><subfield code="c">Herkimer</subfield><subfield code="d">Herkimer.</subfield></datafield><datafield ind1="1" ind2="0" tag="785"><subfield code="t">Herkimer County Whig</subfield></datafield></record>